@misc{yerkade_beckn,
  author       = {Yerkade, Kaustubh},
  title        = {Understanding Beckn protocol},
  year         = {2023},
  url          = {https://dev.to/kaustubhyerkade/beckn-protocol-6bd},
  note         = {Retrieved April 27, 2025}
}

@article{li_wang_2024,
  title={Regulating powerful platforms: Evidence from commission fee caps},
  author={Li, Zhuoxin and Wang, Gang},
  journal={Information Systems Research},
  volume={36},
  number={1},
  pages={126--140},
  year={2025},
  publisher={INFORMS}
}


@article{ofoeda_boateng_2019,
  title={Application programming interface (API) research: A review of the past to inform the future},
  author={Ofoeda, Joshua and Boateng, Richard and Effah, John},
  journal={International Journal of Enterprise Information Systems (IJEIS)},
  volume={15},
  number={3},
  pages={76--95},
  year={2019},
  publisher={IGI Global}
}

@article{seghezzi_mangiaracina_2021,
  title={On-demand food delivery: investigating the economic performances},
  author={Seghezzi, Arianna and Mangiaracina, Riccardo},
  journal={International journal of retail \& distribution management},
  volume={49},
  number={4},
  pages={531--549},
  year={2021},
  publisher={Emerald Publishing Limited}
}

@article{subramanian_2018,
  author       = {Subramanian, Hemang},
  title        = {Decentralized blockchain-based electronic marketplaces},
  journal      = {Communications of the ACM},
  volume       = {61},
  number       = {1},
  year         = {2018},
  pages        = {78--84},
  doi          = {10.1145/3158333}
}

@misc{wolt_faqs,
  author       = {{Wolt}},
  title        = {Spørgsmål og svar},
  year         = {2025},
  url          = {https://www.woltfakta.dk/sporgsmal-og-svar/},
  note         = {Retrieved April 30, 2025}
}

@book{morris_2020,
  title={Infrastructure as Code: Dynamic Systems for the Cloud Age},
  author={Morris, Kief},
  year={2020},
  publisher={" O'Reilly Media, Inc."}
}

@book{nielsen_1993,
  author       = {Nielsen, Jakob},
  title        = {Usability engineering},
  year         = {1993},
  publisher    = {Morgan Kaufmann},
}

@unpublished{Dittrich2025,
  author       = {Dittrich, Yvonne and Jørgensen, Kim Peiter and Prakash, Ravi V. and Rafnsson, Willard and Hinrichsen, Jonas Kastberg},
  title        = {Beyond platforms: Growing distributed transaction networks for digital commerce},
  journal      = {Unpublished Manuscript},
  year         = {2025},
  note         = {IT University of Copenhagen, Denmark}
}

@article{kim2016devops,
  title={The DevOps Handbook: How to Create World-Class Agility},
  author={Kim, Gene and Humble, Jez and Debois, Patrick and Willis, John and Forsgren, N},
  journal={Reliability, and Security in Technology Organizations},
  volume={480},
  year={2016},
  publisher={IT Revolution Press}
}

@article{stallman1985gnu,
  title={The GNU manifesto},
  author={Stallman, Richard and others},
  year={1985}
}

@article{winston2019exploratory,
  title={Exploratory research: definition, methods and examples},
  author={Winston, K},
  journal={New York: study. com},
  year={2019}
}

@book{norman_1986,
  author       = {Norman, Donald A.},
  title        = {User-centered system design: New perspectives on human-computer interaction},
  year         = {1986},
  publisher    = {Lawrence Erlbaum Associates},
  address      = {Hillsdale, NJ}
}

@article{fitzgerald2015continuous,
    author = {Fitzgerald, Brian and Stol, Klaas-Jan},
    title = {Continuous software engineering: A roadmap and agenda},
    journal = {The Journal of Systems and Software},
    volume = {123},
    pages = {176--189},
    year = {2015},
}

@book{ries2011lean,
  author = {Ries, Eric},
  title = {The Lean Startup: How Today's Entrepreneurs Use Continuous Innovation to Create Radically Successful Businesses},
  year = {2011},
  publisher = {Crown Business}
}

@article{Naur1983,
  author = {Naur, Peter},
  title = {Programming as Theory Building},
  journal = {Microprocessing and Microprogramming},
  volume = {15},
  number = {5},
  pages = {253--261},
  year = {1983},
  publisher = {Elsevier},
}

@book{vernon2013DDD,
  title     = {Implementing Domain-Driven Design},
  author    = {Vernon, Vaughn},
  year      = {2013},
  publisher = {Addison-Wesley},
}

@article{rotemgaloz_fallacies,
  title={Fallacies of distributed computing explained},
  author={Rotem-Gal-Oz, Arnon},
  journal={URL http://www. rgoarchitects. com/Files/fallacies. pdf},
  volume={20},
  year={2006}
}

@book{poppendieck2003lean,
  author = {Poppendieck, Mary and Poppendieck, Tom},
  title = {Lean Software Development: An Agile Toolkit},
  year = {2003},
  publisher = {Addison-Wesley}
}

@article{shahin2017continuous,
  author = {Shahin, Mojtaba and Babar, Muhammad Ali and Zhu, Liming},
  title = {Continuous integration, delivery and deployment: a systematic review on approaches, tools, challenges and practices},
  journal = {IEEE Access},
  volume = {5},
  pages = {3909--3943},
  year = {2017},
  publisher = {IEEE}
}

@article{dijkstra1982,
  title={On the role of scientific thought},
  author={Dijkstra, Edsger W and Dijkstra, Edsger W},
  journal={Selected writings on computing: a personal perspective},
  pages={60--66},
  year={1982},
  publisher={Springer}
}

@misc{beckn_video_overview,
  author = {{Beckn Foundation}},
  title = {Introduction - Beckn},
  year = {2022},
  publisher = {Developers.becknprotocol.io},
  note = {Retrieved May 13, 2025, from \url{https://developers.becknprotocol.io/docs/introduction/video-overview/}}
}

@misc{beck_onix_github,
  author = {{Beckn Foundation}},
  title = {Beckn-ONIX: Open-source stack for Beckn network deployment},
  year = {2025},
  publisher = {GitHub},
  note = {Retrieved May 13, 2025, from \url{https://github.com/beckn/beckn-onix}},
}

@misc{beckn_onix,
  author       = {{Beckn Foundation}},
  title        = {Beckn Onix},
  year         = {2025},
  howpublished = {\url{https://becknprotocol.io/beckn-onix/}},
  note         = {Accessed: 2025-04-27}
}

@misc{becknIac2025,
  author       = {{Bachelors-Project-frlr-raln}},
  title        = {beckn-IaC},
  year         = {2025},
  url          = {https://github.com/Bachelors-Project-frlr-raln/beckn-IaC},
  note         = {Retrieved May 2, 2025}
}

@misc{becknNginxConfig,
  author       = {{Beckn Foundation}},
  title        = {Sample NGINX configurations},
  year         = {2025},
  url          = {https://github.com/beckn/beckn-onix/blob/main/docs/notes/sample_nginx_configurations.md},
  note         = {Retrieved May 2, 2025}
}